%Entries

@Misc{link1,
  author 	= "Kim Minor",
  title 	= "Improving Claims Fraud Detection in Insurance",
  month 	= may,
  year 		= "2013",
  url		= "http://www.ibmbigdatahub.com/blog/improving-claims-fraud-detection-insurance",
}

@Misc{link2,
  author 	= "Jonathan shaw",
  title 	= "Why 'Big Data' Is a Big Deal",
  month 	= mar,
  year 		= "2014",
  url		= "http://harvardmagazine.com/2014/03/why-big-data-is-a-big-deal",
}

@Misc{link3,
  author 	= "James Ruotolo",
  title 	= "Big Data for Fraud Detection",
  month 	= may,
  year 		= "2013",
  url		= "http://www.insurancetech.com/big-data-for-fraud-detection/a/d-id/1314553?",
}

@Misc{link4,
  author 	= "Paul Nelson",
  title 	= "Fraud Detection Powered by Big Data - An Insurance Agency's Case Story",
  year 		= "2017",
  url		= "https://www.searchtechnologies.com/blog/fraud-detection-big-data",
}


@Misc{link5,
  author 	= "Ikanow Editorial Team",
  title 	= "HOW CAN I USE BIG DATA ANALYTICS FOR FRAUD DETECTION?",
  month 	= feb,
  year 		= "2014",
  url		= "http://www.ikanow.com/how-can-i-use-big-data-analytics-for-fraud-detection/",
}

@Misc{link6,
  author 	= "Insurance Information Insitute",
  title 	= "Background on: Insurance fraud",
  month 	= sep,
  year 		= "2017",
  url		= "https://www.iii.org/article/background-on-insurance-fraud?cm_mc_uid=96455616751215069824528&cm_mc_sid_50200000=1507445074&cm_mc_sid_52640000=1507445074",
}

@Misc{link7,
  author 	= "Ruchi Verma and Sathyan Ramakrishna Mani",
  title 	= "Using Analytics for Insurance Fraud Detection",
  month 	= dec,
  year 		= "2013",
  url		= "https://www.the-digital-insurer.com/wp-content/uploads/2013/12/53-insurance-fraud-detection.pdf",
}


@Misc{link8,
  author 	= "Insurance fraud EU",
  title 	= "The Role of Data and Analytics in Insurance Fraud Detection",
  month 	= jun,
  year 		= "2016",
  url		= "https://www.insurancenexus.com/fraud/role-data-and-analytics-insurance-fraud-detection",
}


@Misc{link9,
  author 	= "Sachin Pandhare",
  title 	= "Big data Analytics: new whistleblower on insurance fraud",
  year 		= "2017",
  url		= "https://www.infosys.com/industries/insurance/white-papers/Documents/new-whistleblower-insurance-fraud.pdf",
}

@Misc{link10,
  author 	= "Friss",
  title 	= "The 8 Biggest Fraud Challenges for Insurers",
  month 	= feb,
  year 		= "2017",
  url		= "https://www.friss.com/en/news/the-8-biggest-fraud-challenges-for-insurers/",
}


@Misc{link11,
  author 	= "Friss",
  title 	= "The 8 Biggest Fraud Challenges for Insurers",
  month 	= feb,
  year 		= "2017",
  url		= "https://www.friss.com/en/news/the-8-biggest-fraud-challenges-for-insurers/",
}
